@article{zheng2013personalized,
  title     = {Personalized reliability prediction of web services},
  author    = {Zheng, Zibin and Lyu, Michael R},
  journal   = {ACM Transactions on Software Engineering and Methodology},
  volume    = {22},
  number    = {2},
  pages     = {1--25},
  year      = {2013},
  publisher = {ACM New York, NY, USA}
}
